
@inproceedings{Martin1999,
author = {A. M. Martín and F. Kenyery and A. Tremante},
title = {Experimental study of two phase pumping in progressive cavity pumps},
booktitle = {Latin American and Caribbean Petroleum Engineering Conference},
pages = {1-6},
year = {1999},
eventdate = {1999-04-21/1999-04-21},
location = {Caracas, Venezuela},
organization = {SPE},
doi = {10.2118/53967-MS}
}

@inproceedings{Olivet2002,
author = {Aurelio Olivet and José Gamboa and Frank Kenyery},
title = {Experimental study of two-phase pumping in a progressive cavity pump metal to metal},
booktitle = {Annual Technical Conference and Exhibition},
year = {2002},
eventdate = {September 29 - October 2},
location = {San Antonio, Texas},
organization = {SPE},
doi = {10.2118/77730-MS}
}